<?xml version="1.0" encoding="UTF-8"?><record xmlns="http://www.loc.gov/MARC21/slim" xmlns:cinclude="http://apache.org/cocoon/include/1.0" xmlns:zs="http://www.loc.gov/zing/srw/">
  <leader>00329cz  a2200121n  4500</leader>
  <controlfield tag="001">nr 89006158 </controlfield>
  <controlfield tag="003">DLC</controlfield>
  <controlfield tag="005">20141210081535.0</controlfield>
  <controlfield tag="008">890523n| azannaab           |n aaa     c</controlfield>
  <datafield tag="010" ind1=" " ind2=" ">
    <subfield code="a">nr 89006158 </subfield>
  </datafield>
  <datafield tag="040" ind1=" " ind2=" ">
    <subfield code="a">NjP</subfield>
    <subfield code="b">eng</subfield>
    <subfield code="e">rda</subfield>
    <subfield code="c">NjP</subfield>
    <subfield code="d">DLC</subfield>
  </datafield>
  <datafield tag="100" ind1="1" ind2=" ">
    <subfield code="a">Garzi, Sauro</subfield>
  </datafield>
  <datafield tag="670" ind1=" " ind2=" ">
    <subfield code="a">His Filippine, teologia della lotta ... 1986:</subfield>
    <subfield code="b">t.p. (Sauro Garzi)</subfield>
  </datafield>
</record>